@incollection{McIntosh2014,
  year={2014},
  booktitle={Supercomputing},
  volume={8488},
  series={Lecture Notes in Computer Science},
  title="{On the Performance Portability of Structured Grid Codes on Many-Core Computer Architectures}",
  publisher={Springer International Publishing},
  author={McIntosh-Smith, S. and Boulton, M. and Curran, D. and Price, J.},
  pages={53-75}
}

@article{mcintosh20143,
  title="{High Performance in Silico Virtual Drug Screening On Many-Core Processors}",
  author="{McIntosh-Smith, S. and Price, J. and Sessions, R.B. and Ibarra, A.A.}",
  journal={International Journal of High Performance Computing Applications},
  year={2014},
  publisher={SAGE Publications}
}

@article{stone2010,
  title="{OpenCL: A parallel programming standard for heterogeneous computing systems}",
  author={Stone, J.E. and Gohara, D. and Shi, G.},
  journal={Computing in science \& engineering},
  volume={12},
  number={1-3},
  pages={66--73},
  year={2010},
  publisher={Institute of Electrical and Electronics Engineers, Inc.,| y USA United States}
}

@book{munshi2011,
  title="{OpenCL Programming Guide}",
  author={Munshi, A. and Gaster, B. and Mattson, T.G. and Ginsburg, D.},
  year={2011},
  publisher={Pearson Education}
}

@misc{NVIDIAPro,
  year={2015},
  title="{CUDA C Programming Guide Version 7.0}",
  author={NVIDIA Corporation}
}

@misc{NVIDIABestPractice,
  year={2015},
  title="{CUDA C Best Practices Guide Version 7.0}",
  author={NVIDIA Corporation}
}

@techreport{Demeshko2014,
  title="{Kokkos implementation of Albany: a performance-portable finite element application}",
  author={Demeshko, I. and Edwards, H.C. and Heroux, M.A. and others},
  number={SAND2014-18789A},
  institution={Sandia National Laboratories},
  year={2014},
}

@article{Edwards2014,
  title="{Kokkos: Enabling manycore performance portability through polymorphic memory access patterns}",
  author={Edwards, H C. and Trott, C.R. and Sunderland, Daniel},
  journal={Journal of Parallel and Distributed Computing},
  volume={74},
  number={12},
  pages={3202--3216},
  year={2014},
  publisher={Elsevier}
}

@inproceedings{Godwin2012,
  author = {Godwin, J. and Holewinski, J. and others},
  title = "{High-performance Sparse Matrix-vector Multiplication on GPUs for Structured Grid Computations}",
  booktitle = {Proceedings of the 5th Annual Workshop on General Purpose Processing with Graphics Processing Units},
  year = {2012},
  pages = {47--56},
  address = {New York, NY, USA.},
  publisher = {ACM}
} 

@article{Chakrabarti2012,
  title = "{CUDA: Compiling and Optimizing for a GPU Platform}",
  journal = "Procedia Computer Science ",
  volume = "9",
  number = "0",
  pages = "1910 - 1919",
  year = "2012",
  note = "Proceedings of the International Conference on Computational Science, ICCS 2012 ",
  author = "Chakrabarti, G. and Grover V. and others"
}

@article{Che2008,
  title = "{A Performance Study of General-Purpose Applications on Graphics Processors using CUDA}",
  journal = "Journal of Parallel and Distributed Computing ",
  volume = "68",
  number = "10",
  pages = "1370 - 1380",
  year = "2008",
  author = "Che, S. and Boyer, M. and others"
}

@inproceedings{Kamil2010, 
  author={Kamil, S. and Chan, C. and others}, 
  booktitle={Parallel Distributed Processing (IPDPS), 2010 IEEE International Symposium}, 
  title="{An Auto-tuning Framework for Parallel Multicore Stencil Computations}", 
  year={2010}, 
  pages={1-12}, 
}

@inproceedings{McIntosh20142,
  author = {McIntosh-Smith, S. and Curran, D.},
  title = "{Evaluation of a Performance Portable Lattice Boltzmann Code Using OpenCL}",
  booktitle = {Proceedings of the International Workshop on OpenCL 2013 \& 2014},
  series = {IWOCL '14},
  year = {2014},
  pages = {2:1--2:12},
  publisher = {ACM},
  address = {New York, NY, USA.},
} 

@incollection{Cecilia2010,
  year={2012},
  booktitle={Applied Parallel and Scientific Computing},
  volume={7133},
  series={Lecture Notes in Computer Science},
  title="{CUDA 2D Stencil Computations for the Jacobi Method}",
  publisher={Springer Berlin Heidelberg},
  author={Cecilia, J.M. and Garcia, J.M. and Ujaldon, M.},
  pages={173-183},
}

@inproceedings{Rupp2014,
  author = {Rupp, K. and Tillet, P. and Rudolf, F. and others},
  title = "{Performance Portability Study of Linear Algebra Kernels in OpenCL}",
  booktitle = {Proceedings of the International Workshop on OpenCL 2013 \& 2014},
  series = {IWOCL '14},
  year = {2014},
  pages = {8:1--8:11},
  publisher = {ACM},
  address = {New York, NY, USA},
} 

@article{Rupp2010,
  title="{ViennaCL - a High Level Linear Algebra Library for GPUs and Multi-Core CPUs}",
  author={Rupp, K. and Rudolf, F. and Weinbub, J.},
  journal={Proc. GPUScA},
  pages={51--56},
  year={2010}
}

@techreport{Dongarra2013,
  title="{Toward a New Metric for Ranking High Performance Computing Systems}",
  author={Dongarra, J. and Heroux, M.A.},
  number={SAND2013-4744},
  institution={Sandia National Laboratories},
  year={2013},
}

@techreport{ Mantevo,
  author = "Heroux, M.A. and Doerfler, D.W. and others",
  title = "{Improving Performance via Mini-applications}",
  institution={Sandia National Laboratories},
  number={SAND2009-5574},
  year = { 2009}
}

@techreport{kokkosprog,
  author={Trott, C.R. and Hoemmen, M. and Hammond, S.D. and Edwards, H.C.},
  title="{Kokkos Programming Guide}",
  institution={Sandia National Laboratories},
  number={SAND2015-4178},
  year={2015}
}

@techreport{Hornung2013,
  title="{A Case for Improved C++ Compiler Support to Enable Performance Portability in Large Physics Simulation Codes}",
  author={Hornung, R.D. and Keasler, J.A.},
  year={2013},
  number={LLNL-TR-635681},
  institution={Lawrence Livermore National Laboratory}
}

@techreport{Bell2008,
  author = {Bell, N. and Garland, M.},
  title = "{Efficient Sparse Matrix-Vector Multiplication on CUDA}",
  year = {2008},
  institution = {NVIDIA Corporation},
  number = {NVR-2008-004}
}

@misc{KokkosTut,
  title="{Kokkos Tutorial: A Trilinos Package for Manycore Performance Portability}",
  author={Edwards, H.C. and Trott, C. and Sunderland, D.},
  year={2013},
  howpublished="{ Available from: http://trilinos.org/oldsite/events/trilinos\_user\_group\_2013/presentations/2013-11-TUG-Kokkos-Tutorial.pdf}"
}

@techreport{Hornung2014,
  author={Hornung, R.D. and Keasler, J.A. and others},
  title="{The RAJA Portability Layer: Overview and Status}",
  institution="{Lawrence Livermore National Laboratory}",
  number={LLNL-TR-661403},
  year = { 2014 }
}

@inproceedings{Grewe2013,
  title="{Portable Mapping of Data Parallel Programs to OpenCL for Heterogeneous Systems}",
  author={Grewe, D. Wang, Z. and O'Boyle, M.FP.},
  booktitle={Code Generation and Optimization (CGO), 2013 IEEE/ACM International Symposium on},
  pages={1--10},
  year={2013},
  organization={IEEE}
}

@article{Lee2010,
  author = {Lee, V.W. and Kim, C. and Chhugani, J. and others},
  title = "{Debunking the 100X GPU vs. CPU Myth: An Evaluation of Throughput Computing on CPU and GPU}",
  journal = {SIGARCH Comput. Archit. News},
  volume = {38},
  number = {3},
  year = {2010},
  pages = {451--460},
  publisher = {ACM},
  address = {New York, NY, USA},
} 

@techreport{Asanovic2006,
  Author = {Asanovic, K. and Bodik, R. and Catanzaro, B.C. and Gebis, J.J. and others},
  Title = "{The Landscape of Parallel Computing Research: A View from Berkeley}",
  Institution = {EECS Department, University of California, Berkeley},
  Year = {2006},
  Month = {Dec},
  Number = {UCB/EECS-2006-183}
}

@article{Dongarra2011,
  author = {Dongarra, J. and others}, 
  title = "{The International Exascale Software Project roadmap}",
  year = {2011}, 
  journal = {International Journal of High Performance Computing Applications} 
}

@article{Kogge2013,
  author = "Kogge, P. and Shalf, J.",
  title = "{Exascale Computing Trends: Adjusting to the "New Normal" for Computer Architecture}",
  journal = "Computing in Science \& Engineering",
  year = "2013",
  volume = "15",
  number = "6", 
  pages = "16-26",
}

@misc{UKMAC,
  author="UKMAC",
  title="{UK Mini-App Consortium: TeaLeaf}",
  year="2015",
  howpublished="http://uk-mac.github.io/TeaLeaf"
}

@inproceedings{Sidelnik2012,
  title="{Performance portability with the Chapel language}",
  author={Sidelnik, A. and Maleki, S. and others},
  booktitle={Parallel \& Distributed Processing Symposium (IPDPS), 2012 IEEE 26th International},
  pages={582--594},
  year={2012},
  organization={IEEE}
}

@misc{Parboil,
  title="{The IMPACT Research Group: Parboil Benchmarks}",
  author="{University of Illinois at Urbana-Champaign}",
  year="2015",
  howpublished="http://impact.crhc.illinois.edu/Parboil/parboil.aspx"
}

@article{Du2012,
  title = "{From CUDA to OpenCL: Towards a performance-portable solution for multi-platform GPU programming}",
  journal = "Parallel Computing ",
  volume = "38",
  number = "8",
  pages = "391 - 407",
  year = "2012",
  author = "Peng, D. and Rick, W. and Piotr, L. and others",
}

@inproceedings{Zhang2013,
  title="{Improving performance portability in OpenCL programs}",
  author={Zhang, Y. and Sinclair II, M. and Chien, A.A.},
  booktitle={Supercomputing},
  pages={136--150},
  year={2013},
  organization={Springer}
}
@article{Stratton2013,
  title="{Performance Portability in Accelerated Parallel Kernels}",
  author={Stratton, J.A. and Kim, H. and Jablin, T.B. and Hwu, W.W.},
  journal={Center for Reliable and High-Performance Computing},
  year={2013},
  publisher={Citeseer}
}

@article{Mallinson2013,
  title="{Towards Portable Performance for Explicit Hydrodynamics Codes}",
  author={Mallinson, A.C. and Beckingsale, D.A. and Gaudin, W.P. and others},
  year={2013}
}

@inproceedings{Kessler2012,
  title="{Programmability and Performance Portability Aspects of Heterogeneous Multi-/Manycore Systems}",
  author={Kessler, C. and Dastgeer, U. and Thibault, S. and Namyst, R. and others},
  booktitle={Design, Automation \& Test in Europe Conference \& Exhibition (DATE), 2012},
  pages={1403--1408},
  year={2012},
  organization={IEEE}
}

@incollection{Saule2013,
  title="{Performance Evaluation of Sparse Matrix Multiplication Kernels on Intel Xeon Phi}",
  author={Saule, E. and Kaya, K. and {\c{C}}ataly{\"u}rek, {\"U}.V.},
  booktitle={Parallel Processing and Applied Mathematics},
  pages={559--570},
  year={2014},
  publisher={Springer}
}

@inproceedings{Teodoro2014,
  title="{Comparative Performance Analysis of Intel (R) Xeon Phi (TM), GPU, and CPU: A Case Study from Microscopy Image Analysis}",
  author={Teodoro, G. and Kurc, T. and Kong, J. and Cooper, L. and Saltz, J.},
  booktitle={Parallel and Distributed Processing Symposium, 2014 IEEE 28th International},
  pages={1063--1072},
  year={2014},
  organization={IEEE}
}

@article{Fabris2012,
  title = "{A Co-Evolutionary Differential Evolution Algorithm for Solving Min–Max Optimization Problems Implemented on GPU Using C-CUDA}",
  journal = "Expert Systems with Applications ",
  volume = "39",
  number = "12",
  pages = "10324 - 10333",
  year = "2012",
  author = "Fabris, F. and Krohling, R.A.",
}

@inproceedings{Dawson2013, 
  author={Dawson, L. and Stewart, I.}, 
  booktitle={Evolutionary Computation (CEC), 2013 IEEE Congress on}, 
  title="{Improving Ant Colony Optimization performance on the GPU using CUDA}", 
  year={2013}, 
  pages={1901-1908}
}

@article{Huang2012,
  title = "{An MPI-CUDA Implementation and Optimization for Parallel Sparse Equations and Least Squares (LSQR)}",
  journal = "Procedia Computer Science ",
  volume = "9",
  number = "0",
  pages = "76 - 85",
  year = "2012",
  author = "He Huang and Liqiang Wang and En-Jui Lee and Po Chen",
}

@article{Tillet2013,
  title="{Towards Performance-Portable, Scalable, and Convenient Linear Algebra}",
  author={Tillet, P. and Rupp, K. and Selberherr, S. and Lin, C.},
  journal={Talk: HotPar},
  year={2013}
}

@incollection{Liao2013,
  title="{Early Experiences with the Owill primarily be targettable aopenMP Accelerator Model}",
  author={Liao, C. and Yan, Y. and de Supinski, B.R. and Quinlan, D.J. and Chapman, B.},
  booktitle={OopenMP in the Era of Low Power Devices and Accelerators},
  pages={84--98},
  year={2013},
  publisher={Springer}
}

@incollection{Ozen2014,
  title="{On the Roles of the Programmer, the Compiler and the Runtime System When Programming Accelerators in OpenMP}",
  author={Ozen, G. Ayguad{\'e}, E.d Labarta, J.},
  booktitle={Using and Improving OpenMP for Devices, Tasks, and More},
  pages={215--229},
  year={2014},
  publisher={Springer}
}

@incollection{Wienke2014,
  title="{A Pattern-Based Comparison of OpenACC and OpenMP for Accelerator Computing}",
  author={Wienke, S. and Terboven, C. and Beyer, James C. and M{\"u}ller, M.S.},
  booktitle={Euro-Par 2014 Parallel Processing},
  pages={812--823},
  year={2014},
  publisher={Springer}
}

@inproceedings{Dietrich2014,
  title="{Performance Measurement for the OpenMP 4.0 Offloading Model}",
  author={Dietrich, R. and Schmitt, F. and Grund, A. and Schmidl, D.},
  booktitle={Euro-Par 2014: Parallel Processing Workshops},
  pages={291--301},
  year={2014},
  organization={Springer}
}

@misc{OpenMP45,
  year={2015},
  title="{OpenMP Application Program Interface v4.5}",
  author={{OpenMP Architecture Review Board}}
}

@misc{OpenMP,
  year={2013},
  title="{OpenMP Application Program Interface Version 4.0}",
  author={{OpenMP Architecture Review Board}}
}

@inproceedings{Herdman2012,
  title="{Accelerating Hydrocodes with OpenACC, OpenCL and CUDA}",
  author={Herdman, J.A. and Gaudin, W.P. and McIntosh-Smith, S. and Boulton, M. and Beckingsale, D.A. and Mallinson, A.C. and Jarvis, S.A.},
  booktitle={High Performance Computing, Networking, Storage and Analysis (SCC), 2012 SC Companion:},
  pages={465--471},
  year={2012},
  organization={IEEE}
}

@inproceedings{Luo2014,
  title="{Gpu Port of a Parallel Incompressible Navier-Stokes Solver based on OpenACC and Mvapich2}",
  author={Luo, L. and Edwards, J.R. and Luo, H. and Mueller, F.},
  booktitle={AIAA Aviation and Aeronautics Forum and Exposition},
  year={2014}
}

@incollection{Wienke2012,
  title="{OpenACC—First Experiences with Real-World Applications}",
  author={Wienke, S. and Springer, P. and Terboven, C. and Mey, D.},
  booktitle={Euro-Par 2012 Parallel Processing},
  pages={859--870},
  year={2012},
  publisher={Springer}
}

@article{Yan2014,
  title="{An OpenCL Micro-Benchmark Suite for GPUs and CPUs}",
  author={Yan, X. and Shi, X. and Wang, L. and Yang, H.},
  journal={The Journal of Supercomputing},
  volume={69},
  number={2},
  pages={693--713},
  year={2014},
  publisher={Springer}
}

@misc{OpenCL,
  year={2015},
  title="{The OpenCL Specification Version 1.2}",
  author={{Khronos OpenCL Working Group}}
}

@misc{keplerwhitepaper,
  author="{NVIDIA Corporation}",
  title="{NVIDIA's Next Generation CUDA Compute Architecture: Kepler GK110/210}",
  year={2014}
}

@misc{sandybridge,
  author="{Kanter, D.}",
  title="{Microservers must Specialize to Survive.}",
  year={2013},
  howpublished={http://www.realworldtech.com/microservers/}
}

@misc{knightscorner,
  author="{Chrysos, G.}",
  title="{Intel Xeon Phi Coprocessor - the Architecture}",
  year={2012},
  howpublished={https://software.intel.com/en-us/articles/intel-xeon-phi-coprocessor-codename-knights-corner}
}

@misc{pracephi,
  author={Barth, M. and Byckling, B. and Ilieva, N. and others},
  year={2014},
  title="{Best Practice Guide Intel Xeon Phi v1.1}",
  howpublished={http://www.prace-ri.eu/best-practice-guide-intel-xeon-phi-html/}
}

@article{Kukanov2014,
  title="{Flow Graphs, Speculative Locks, and Task Arenas in Intel{\textregistered} Threading Building Blocks}",
  author={Kukanov, A. and Polin, V. and Voss, M.J.},
  journal={Graduate from MIT to GCC Mainline},
  pages={15},
  year={2014}
}

@inproceedings{amdahl,
  title={Validity of the single processor approach to achieving large scale computing capabilities},
  author={Amdahl, G.M.},
  booktitle={Proceedings of the April 18-20, 1967, spring joint computer conference},
  pages={483--485},
  year={1967},
  organization={ACM}
}

@misc{phistream,
  author={Raman, K.},
  year={2013},
  title="{Optimizing Memory Bandwidth on Stream Triad}",
  howpublished={https://software.intel.com/en-us/articles/optimizing-memory-bandwidth-on-stream-triad}
}

@article{stream,
  title="{Memory Bandwidth and Machine Balance in Current High Performance Computers}",
  author={McCalpin, J.D.},
  journal={IEEE Computer Society Technical Committee on Computer Architecture (TCCA)},
  pages={19-25},
  year={1995}
}

@misc{gpustream,
  title="{GPU-STREAM (UoB HPC Group)}",
  author={Deakin, T. and Price, J. and others},
  howpublished={https://github.com/UoB-HPC/GPU-STREAM},
  year={2015}
}

@techreport{intelcompiler,
  author={Sachan, O.P.},
  year={2008},
  title="{Intel Compilers for Linux*: Compatability with GNU Compilers}",
  howpublished="{Intel White Paper (Developer Products Division)}"
}

@inproceedings{knl,
  title="{Accelerating Insights in the Technical Computing Transformation}",
  author={Hazra, R.},
  booktitle={International Supercomputing Conference},
  year={2014}
}

@inproceedings{kmpaffinity,
  title="{Experiences in tuning performance of hybrid MPI/OpenMP applications on quad-core systems}",
  author={Rane, A. and Stanzione, D.},
  booktitle={Proceedings of 10th LCI International Conference on High-Performance Clustered Computing},
  year={2009}
}

@inproceedings{Lee2013,
  title={Opencl performance evaluation on modern multi core cpus},
  author={Lee, J. H. and Patel, K. and Nigania, N. and Kim, H. and Kim, H.},
  booktitle={Parallel and Distributed Processing Symposium Workshops \& PhD Forum (IPDPSW), 2013 IEEE 27th International},
  pages={1177--1185},
  year={2013},
  organization={IEEE}
}


@misc{Boulton2014,
  title="{Optimising sparse iterative solvers for many-core computer architectures}",
  author={Boulton, M. and McIntosh-Smith, S.},
  year={2014},
  note={UK Many-Core Developer Conference (UKMAC)},
  url={http://www.many-core.group.cam.ac.uk/ukmac2014}
}

@article{Lee2012,
  title="{CUDA optimization strategies for compute-and memory-bound neuroimaging algorithms}",
  author={Lee, D. and Dinov, I. and Dong, B. and others},
  journal={Computer methods and programs in biomedicine},
  volume={106},
  number={3},
  pages={175--187},
  year={2012},
  publisher={Elsevier}
}

@inproceedings{Lee20122,
  title={Early evaluation of directive-based GPU programming models for productive exascale computing},
  author={Lee, S. and Vetter, J.S.},
  booktitle={Proceedings of the International Conference on High Performance Computing, Networking, Storage and Analysis},
  pages={23},
  year={2012},
  organization={IEEE Computer Society Press}
}

@inproceedings{Hart2015,
  title="{First Experiences Porting a Parallel Application to a Hybrid Supercomputer with OpenMP 4.0 Device Constructs}",
  author={Hart, A.},
  booktitle={OpenMP: Heterogenous Execution and Data Movements: 11th International Workshop on OpenMP, IWOMP 2015, Proceedings},
  year={2015},
  pages={73-85}
}

@inproceedings{Reguly2014,
  author = {Reguly, Istv\'{a}n Z. and Mudalige, Gihan R. and Giles, Michael B. and Curran, Dan and McIntosh-Smith, Simon},
  title = {The OPS Domain Specific Abstraction for Multi-block Structured Grid Computations},
  booktitle = {Proceedings of the Fourth International Workshop on Domain-Specific Languages and High-Level Frameworks for High Performance Computing},
  series = {WOLFHPC '14},
  year = {2014},
} 

@Inbook{Mudalige2015,
  author="Mudalige, G. R.
    and Reguly, I. Z.
    and others",
  chapter="Performance Analysis of a High-Level Abstractions-Based Hydrocode on Future Computing Systems",
  title="High Performance Computing Systems. Performance Modeling, Benchmarking, and Simulation: 5th International Workshop, PMBS 2014, New Orleans, LA, USA, November 16, 2014. Revised Selected Papers",
  year="2015",
  publisher="Springer International Publishing",
}

@inproceedings{Bercea2015,
  title="{Performance Analysis of OpenMP on a GPU using a Coral Proxy Application}",
  author={Bercea, G and Bertolli, C and Antao, S.F and Jacob, A.C and others},
  booktitle={Proceedings of the 6th International Workshop on Performance Modeling, Benchmarking, and Simulation of High Performance Computing Systems},
  pages={2},
  year={2015},
  organization={ACM}
}

@inproceedings{cu2cl,
  title="{CU2CL: A CUDA-to-OpenCL translator for multi-and many-core architectures}",
  author={Martinez, Gabriel and Gardner, Mark and Feng, Wu-chun},
  booktitle={Parallel and Distributed Systems (ICPADS), 2011 IEEE 17th International Conference on},
  pages={300--307},
  year={2011},
  organization={IEEE}
}

@article{Gholami2014,
  title="{FFT, FMM, or Multigrid? A comparative study of state-of-the-art Poisson solvers in the unit cube}",
  author={Gholami, Amir and Malhotra, Dhairya and Sundar, Hari and Biros, George},
  journal={arXiv preprint arXiv:1408.6497},
  year={2014}
}

@inproceedings{Martineau2016,
  author = {Martineau, M. and McIntosh-Smith, S. and Boulton, M. and Gaudin, W.},
  title = "{An Evaluation of Emerging Many-Core Parallel Programming Models}",
  booktitle = {Proceedings of the 7th International Workshop on Programming Models and Applications for Multicores and Manycores},
  series = {PMAM'16},
  year = {2016}
} 

@inproceedings{Bertolli2015,
  author = {Bertolli, C. and Antao, S.F. and Bercea, G-T. and others},
  title = "{Integrating GPU Support for OpenMP Offloading Directives into Clang}",
  booktitle = {Proceedings of the Second Workshop on the LLVM Compiler Infrastructure in HPC},
  series = {LLVM '15},
  year = {2015},
} 

@misc{Larkin2016,
  title="{Performance Portability Through Descriptive Parallelism}",
  author={Larkin, J.},
  year={2016},
  howpublished="{Presentation at DOE Centers of Execellence Performance Portability Meeting. Available from: https://asc.llnl.gov/DOE-COE-Mtg-2016/talks/2-20\_Larkin.pdf}"
}

@inproceedings{Lin2015,
  title="{Experiences of Using The OpenMP Accelerator Model to Port DOE Stencil Applications}",
  author={Lin, P. and Liao, C. and Quinlan, D.J. and others},
  booktitle={OpenMP: Heterogenous Execution and Data Movements: 11th International Workshop on OpenMP, IWOMP 2015, Proceedings},
  year={2015},
  pages={45-59}
}

@inproceedings{Bertolli2014,
  title="{Coordinating GPU threads for OpenMP 4.0 in LLVM}",
  author={Bertolli, C. and Antao, Samuel F. and Eichenberger, A.E. and others},
  booktitle={Proceedings of the 2014 LLVM Compiler Infrastructure in HPC},
  pages={12--21},
  year={2014},
  organization={IEEE Press}
}

@inproceedings{Martineau20162,
  author = {Martineau, M. and McIntosh-Smith, S. and Gaudin, W.},
  title = "{Evaluating OpenMP 4.0's Effectiveness as a Heterogeneous Parallel Programming Model}",
  booktitle = {Proceedings of 21st International Workship on High-Level Parallel Programming Models and Supportive Environments},
  series = {HIPS'16},
  year = {2016}
} 

@article{Berger2005,
  title="{Analysis of Slope Limiters on Irregular Grids}",
  author={Berger, Marsha and Aftosmis, Michael J and Murman, Scott M},
  journal={AIAA paper},
  volume={490},
  number={2005},
  pages={1--22},
  year={2005}
}

@article{Bowers1991,
  title="{Numerical Modeling in Applied Physics and Astrophysics}",
  author={Bowers, Richard L and Wilson, James Ricker},
  journal={Boston: Jones and Bartlett, c1991.},
  volume={1},
  year={1991}
}

@inproceedings{Takahashi2009,
  title="{An Implementation of Parallel 3-D FFT with 2-D Decomposition on a Massively Parallel Cluster of Multi-Core Processors}",
  author={Takahashi, Daisuke},
  booktitle={International Conference on Parallel Processing and Applied Mathematics},
  pages={606--614},
  year={2009},
  organization={Springer}
}

@article{Swarztrauber1987,
  title={Multiprocessor FFTs},
  author={Swarztrauber, Paul N},
  journal={Parallel computing},
  volume={5},
  number={1-2},
  pages={197--210},
  year={1987},
  publisher={Elsevier}
}

@article{Bird2013,
  title="{Towards a Portable and Future-Proof Particle-in-Cell Plasma Physics Code}",
  author={Bird, Robert F and Pennycook, Simon J and Wright, Steven A and Jarvis, Stephen A},
  journal={Proceedings of 1st International Workshop on OpenCL (IWOCL 13)}, 
  year={2013}
}

@inproceedings{Bird2015,
  title="{Mini-App Driven Optimisation of Inertial Confinement Fusion Codes}",
  author={Bird, Robert F and Gillies, P and Bareford, MR and Herdman, JA and Jarvis, Stephen A},
  booktitle={2015 IEEE International Conference on Cluster Computing},
  pages={768--776},
  year={2015},
  organization={IEEE}
}

@article{Pissis2008,
  title="{Parallel Fourier Transformations Using Shared Memory Nodes}",
  author={Pissis, Solon},
  journal={MSc in High Performance Comput ing (Univ. of Edinburgh, 2008)},
  year={2008}
}

@inproceedings{Ivanov2015,
  title="{Evaluation of Parallel Communication Models in Nekbone, a Nek5000 mini-application}",
  author={Ivanov, Ilya and Gong, Jing and Akhmetova, Dana and Peng, Ivy Bo and Markidis, Stefano and Laure, Erwin and Machado, Rui and Rahn, Mirko and Bartsch, Valeria and Hart, Alistair and others},
  booktitle={2015 IEEE International Conference on Cluster Computing},
  pages={760--767},
  year={2015},
  organization={IEEE}
}

@article{Karlin2012,
  title={Memory and parallelism tuning exploration using the LULESH proxy application},
  author={Karlin, Ian and McGraw, Jim and Gallarado, E and Keasler, J and Leon, EA and Still, B},
  journal={2012 SC Companion: High Performance Computing, Networking Storage and Analysis (SCC 2012)},
  year={2012}
}

